<?xml version="1.0" encoding="UTF-8"?><record xmlns="http://www.loc.gov/MARC21/slim" xmlns:cinclude="http://apache.org/cocoon/include/1.0" xmlns:zs="http://www.loc.gov/zing/srw/">
  <leader>00523nz  a2200157n  4500</leader>
  <controlfield tag="001">no 97057300 </controlfield>
  <controlfield tag="003">DLC</controlfield>
  <controlfield tag="005">19971002051952.4</controlfield>
  <controlfield tag="008">971001n| acannaab|          |a ana     c</controlfield>
  <datafield tag="010" ind1=" " ind2=" ">
    <subfield code="a">no 97057300 </subfield>
  </datafield>
  <datafield tag="035" ind1=" " ind2=" ">
    <subfield code="a">(OCoLC)oca04463421 </subfield>
  </datafield>
  <datafield tag="040" ind1=" " ind2=" ">
    <subfield code="a">OrU</subfield>
    <subfield code="c">OrU</subfield>
  </datafield>
  <datafield tag="110" ind1="2" ind2="0">
    <subfield code="a">Gay and Lesbian Archives of the Pacific Northwest</subfield>
  </datafield>
  <datafield tag="410" ind1="2" ind2="0">
    <subfield code="a">G.L.A.P.N.</subfield>
  </datafield>
  <datafield tag="410" ind1="2" ind2="0">
    <subfield code="a">GLAPN</subfield>
  </datafield>
  <datafield tag="670" ind1=" " ind2=" ">
    <subfield code="a">Northwest gay and lesbian historian, Vol. 1, issue 2, Spring 1996:</subfield>
    <subfield code="b">caption (Gay and Lesbian Archives of the Pacific Northwest) p. 4 (G.L.A.P.N.; GLAPN)</subfield>
  </datafield>
</record>